@article{Smith_2013,
  doi = {10.1016/j.neuroimage.2012.11.049},
  url = {http://dx.doi.org/10.1016/j.neuroimage.2012.11.049},
  year = {2013},
  month = {feb},
  publisher = {Elsevier {BV}},
  volume = {67},
  pages = {298--312},
  author = {Robert E. Smith and Jacques-Donald Tournier and Fernando Calamante and Alan Connelly},
  title = {{{SIFT}: Spherical-deconvolution informed filtering of tractograms}},
  journal = {{NeuroImage}},
}
